<record><leader>00000cas a2200000 a 4500</leader><controlfield tag="001">33169069</controlfield><controlfield tag="008">950920c19uu9999causr ne      0    0eng c</controlfield><datafield ind1=" " ind2=" " tag="010"><subfield code="a">sn 00060512 </subfield></datafield><datafield ind1=" " ind2=" " tag="040"><subfield code="a">CUS</subfield><subfield code="b">eng</subfield><subfield code="c">CUS</subfield><subfield code="d">CNK</subfield><subfield code="d">OCL</subfield><subfield code="d">OCLCQ</subfield><subfield code="d">OCLCF</subfield><subfield code="d">OCLCO</subfield></datafield><datafield ind1="1" ind2=" " tag="029"><subfield code="a">AU@</subfield><subfield code="b">000021636568</subfield></datafield><datafield ind1=" " ind2=" " tag="042"><subfield code="a">pcc</subfield></datafield><datafield ind1=" " ind2=" " tag="043"><subfield code="a">n-us-ca</subfield></datafield><datafield ind1="0" ind2="0" tag="245"><subfield code="a">Philippine Mabuhay news.</subfield></datafield><datafield ind1="3" ind2=" " tag="246"><subfield code="a">Mabuhay news</subfield></datafield><datafield ind1=" " ind2=" " tag="260"><subfield code="a">National City, CA :</subfield><subfield code="b">Danny L. Bungay</subfield></datafield><datafield ind1=" " ind2=" " tag="300"><subfield code="a">v. :</subfield><subfield code="b">ill. ;</subfield><subfield code="c">58 cm.</subfield></datafield><datafield ind1=" " ind2=" " tag="310"><subfield code="a">Semimonthly,</subfield><subfield code="b">&lt;Jan. 16-31, 2000&gt;</subfield></datafield><datafield ind1=" " ind2=" " tag="321"><subfield code="a">Biweekly,</subfield><subfield code="b">&lt;July 16-31, 1995&gt;</subfield></datafield><datafield ind1=" " ind2=" " tag="500"><subfield code="a">"Philippine" appears in smaller type above "Mabuhay News."</subfield></datafield><datafield ind1=" " ind2=" " tag="500"><subfield code="a">"San Diego's Premiere Filipino-American Newspaper."</subfield></datafield><datafield ind1=" " ind2=" " tag="588"><subfield code="a">Description based on: July 16-31, 1995.</subfield></datafield><datafield ind1=" " ind2="0" tag="650"><subfield code="a">Filipino Americans</subfield><subfield code="z">California</subfield><subfield code="z">San Diego County</subfield><subfield code="v">Newspapers.</subfield></datafield><datafield ind1=" " ind2="7" tag="655"><subfield code="a">Newspapers.</subfield><subfield code="2">fast</subfield><subfield code="0">(OCoLC)fst01423814</subfield></datafield><datafield ind1=" " ind2="7" tag="650"><subfield code="a">Filipino Americans.</subfield><subfield code="2">fast</subfield><subfield code="0">(OCoLC)fst00924194</subfield></datafield><datafield ind1=" " ind2="7" tag="651"><subfield code="a">California</subfield><subfield code="z">San Diego County.</subfield><subfield code="2">fast</subfield><subfield code="0">(OCoLC)fst01204290</subfield></datafield><datafield ind1=" " ind2=" " tag="752"><subfield code="a">United States</subfield><subfield code="b">California</subfield><subfield code="c">San Diego</subfield><subfield code="d">National City.</subfield></datafield></record>